<record><leader>00000cas a2200000 i 4500</leader><controlfield tag="001">858914559</controlfield><controlfield tag="006">m     o  d        </controlfield><controlfield tag="007">cr |||||||||||</controlfield><controlfield tag="008">130925d18651893tnudn neo     0   a0eng  </controlfield><datafield ind1=" " ind2=" " tag="010"><subfield code="a">  2013218983</subfield></datafield><datafield ind1=" " ind2=" " tag="040"><subfield code="a">DLC</subfield><subfield code="b">eng</subfield><subfield code="e">rda</subfield><subfield code="c">DLC</subfield><subfield code="d">OCLCF</subfield></datafield><datafield ind1="0" ind2=" " tag="022"><subfield code="a">2331-2882</subfield><subfield code="2">1</subfield></datafield><datafield ind1="1" ind2=" " tag="029"><subfield code="a">NZ1</subfield><subfield code="b">15124686</subfield></datafield><datafield ind1=" " ind2=" " tag="042"><subfield code="a">pcc</subfield><subfield code="a">nsdp</subfield></datafield><datafield ind1=" " ind2=" " tag="043"><subfield code="a">n-us-tn</subfield></datafield><datafield ind1="1" ind2="0" tag="050"><subfield code="a">ISSN RECORD</subfield></datafield><datafield ind1="0" ind2="0" tag="082"><subfield code="a">071</subfield><subfield code="2">23</subfield></datafield><datafield ind1="0" ind2=" " tag="130"><subfield code="a">Public ledger (Memphis, Tenn. : Online)</subfield></datafield><datafield ind1=" " ind2="0" tag="222"><subfield code="a">Public ledger</subfield><subfield code="b">(Memphis, Tenn. Online)</subfield></datafield><datafield ind1="1" ind2="0" tag="245"><subfield code="a">Public ledger.</subfield></datafield><datafield ind1=" " ind2="1" tag="264"><subfield code="a">Memphis, Tenn. :</subfield><subfield code="b">Whitmore Brothers</subfield></datafield><datafield ind1=" " ind2=" " tag="310"><subfield code="a">Daily (except Sun.)</subfield></datafield><datafield ind1=" " ind2=" " tag="336"><subfield code="a">text</subfield><subfield code="b">txt</subfield><subfield code="2">rdacontent</subfield></datafield><datafield ind1=" " ind2=" " tag="337"><subfield code="a">computer</subfield><subfield code="b">c</subfield><subfield code="2">rdamedia</subfield></datafield><datafield ind1=" " ind2=" " tag="338"><subfield code="a">online resource</subfield><subfield code="b">cr</subfield><subfield code="2">rdacarrier</subfield></datafield><datafield ind1="1" ind2=" " tag="362"><subfield code="a">Began Sept. 4, 1865; ceased in 1893.</subfield></datafield><datafield ind1=" " ind2=" " tag="500"><subfield code="a">Issue for Sept. 12, 1865 has prospectus with Sept. 4, 1865 as beginning date, signed by Whitmore Brothers, and consists of 2 interior pages only.</subfield></datafield><datafield ind1=" " ind2=" " tag="500"><subfield code="a">Publishers: Whitmore Bros., 1865-1867; Whitmore &amp; Co., 1867-1869; E. Whitmore, 1869-1886; Mathes &amp; Co., 1886-1887; Public Ledger Co., 1887-&lt;1893&gt;</subfield></datafield><datafield ind1=" " ind2=" " tag="500"><subfield code="a">Editors: F.A. Tyler &amp; J.J. Dubose, &lt;1869&gt;; J.J. Dubose, 1869-1870; F.Y. Rockett, 1870-&lt;1872&gt;; J. Harvey Mathes &amp; W.L. Trask, 1886-1887; J. Harvey Mathes, &lt;1887&gt;</subfield></datafield><datafield ind1=" " ind2=" " tag="530"><subfield code="a">Available on microfilm from Tennessee State Library and Archives.</subfield></datafield><datafield ind1=" " ind2=" " tag="588"><subfield code="a">Description based on: Vol. II, no. 1 (March 7 [i.e. 5], 1866) title from masthead (Chroniclingamerica.loc.gov, viewed September 25, 2013).</subfield></datafield><datafield ind1=" " ind2=" " tag="588"><subfield code="a">[Latest issue consulted: Vol. XXXVII, no. 102 (December 31, 1883) (Chroniclingamerica.loc.gov, viewed September 25, 2013).</subfield></datafield><datafield ind1=" " ind2="0" tag="651"><subfield code="a">Memphis (Tenn.)</subfield><subfield code="v">Newspapers.</subfield></datafield><datafield ind1=" " ind2="0" tag="651"><subfield code="a">Shelby County (Tenn.)</subfield><subfield code="v">Newspapers.</subfield></datafield><datafield ind1=" " ind2="7" tag="655"><subfield code="a">Newspapers.</subfield><subfield code="2">fast</subfield><subfield code="0">(OCoLC)fst01423814</subfield></datafield><datafield ind1=" " ind2="7" tag="651"><subfield code="a">Tennessee</subfield><subfield code="z">Memphis.</subfield><subfield code="2">fast</subfield><subfield code="0">(OCoLC)fst01204194</subfield></datafield><datafield ind1=" " ind2="7" tag="651"><subfield code="a">Tennessee</subfield><subfield code="z">Shelby County.</subfield><subfield code="2">fast</subfield><subfield code="0">(OCoLC)fst01209894</subfield></datafield><datafield ind1=" " ind2=" " tag="752"><subfield code="a">United States</subfield><subfield code="b">Tennessee</subfield><subfield code="c">Shelby</subfield><subfield code="d">Memphis.</subfield></datafield><datafield ind1="0" ind2=" " tag="775"><subfield code="t">Weekly public ledger (Online)</subfield></datafield><datafield ind1="0" ind2="8" tag="776"><subfield code="i">Originally issued in print:</subfield><subfield code="t">Public ledger (Memphis, Tenn.)</subfield><subfield code="x">2331-2874</subfield><subfield code="w">(DLC)sn 85033673</subfield><subfield code="w">(OCoLC)12156233</subfield></datafield><datafield ind1="4" ind2="0" tag="856"><subfield code="u">http://chroniclingamerica.loc.gov/lccn/sn85033673/issues</subfield></datafield></record>